@Article{gameOfLife,
  author = 	 {Gardner, Martin},
  title = 	 {{Mathematical Games – The fantastic combinations of John Conway's new solitaire game "life"}},
  journal = 	 {Scientific American 223},
  year = 	 {1970},
  pages = 	 {120-123},
  month = 	 {Oct},
}

@Article{lotka,
  author = 	 {Lotka, A.J.},
  title = 	 {{Elements of Physical Biology, Williams and Wilkins}},
  year = 	 {1925},
}

@Article{volterra,
  author = 	 {Volterra, V.},
  title = 	 {{Variazioni e fluttuazioni del numero d’individui in specie animali conviventi}},
  journal =  {Mem. Acad. Lincei Roma},
  year = 	 {1926},
  pages =    {31-113},
}

@Article{lotkaVolterra,
  author = 	 {Berryman, A.A.},
  title = 	 {{The Origins and Evolution of Predator-Prey Theory}},
  journal =  {Ecology},
  year = 	 {1992},
  pages =    {1530–1535},
}

@Article{lotkaVolterraThreeSpecies,
  author = 	 {et al.,Erica Chauvet},
  title = 	 {{A Lotka-Volterra Three-species Food Chain}},
  year = 	 {2002},
  pages =    {243-255},
}

@Misc{titleImage,
title = {{Image Reincarnation}},
howpublished = {http://melissaj007.blogspot.ch/2011/04/reincarnation.html},
month = {May},
year = {2014},
}
